@inproceedings{stam2003real,
  title={Real-time fluid dynamics for games},
  author={Stam, Jos},
  booktitle={Proceedings of the game developer conference},
  volume={18},
  number={11},
  year={2003}
}

@incollection{stam2023stable,
  title={Stable fluids},
  author={Stam, Jos},
  booktitle={Seminal Graphics Papers: Pushing the Boundaries, Volume 2},
  pages={779--786},
  year={2023}
}


@inproceedings{fedkiw2001visual,
  title={Visual simulation of smoke},
  author={Fedkiw, Ronald and Stam, Jos and Jensen, Henrik Wann},
  booktitle={Proceedings of the 28th annual conference on Computer graphics and interactive techniques},
  pages={15--22},
  year={2001}
}

@book{bridsonbook,
  title={Fluid simulation for computer graphics},
  author={Bridson, Robert},
  year={2015},
  publisher={AK Peters/CRC Press}
}

@article{koschier2020smoothed,
  title={Smoothed particle hydrodynamics techniques for the physics based simulation of fluids and solids},
  author={Koschier, Dan and Bender, Jan and Solenthaler, Barbara and Teschner, Matthias},
  journal={arXiv preprint arXiv:2009.06944},
  year={2020}
}

@inproceedings{park2005vortex,
  title={Vortex fluid for gaseous phenomena},
  author={Park, Sang Il and Kim, Myoung Jun},
  booktitle={Proceedings of the 2005 ACM SIGGRAPH/Eurographics symposium on Computer animation},
  pages={261--270},
  year={2005}
}

@misc{salomonsson2011pic,
  title={PIC/FLIP Fluid Simulation Using Block-Optimized Grid Data Structure},
  author={Salomonsson, Fredrik},
  year={2011}
}

@inproceedings{foster1997modeling,
  title={Modeling the motion of a hot, turbulent gas},
  author={Foster, Nick and Metaxas, Dimitris},
  booktitle={Proceedings of the 24th annual conference on Computer graphics and interactive techniques},
  pages={181--188},
  year={1997}
}

@article{steinhoff1994modification,
  title={Modification of the Euler equations for ‘‘vorticity confinement’’: Application to the computation of interacting vortex rings},
  author={Steinhoff, John and Underhill, David},
  journal={Physics of Fluids},
  volume={6},
  number={8},
  pages={2738--2744},
  year={1994},
  publisher={AIP Publishing}
}

@article{harlow1965numerical,
  title={Numerical calculation of time-dependent viscous incompressible flow of fluid with free surface},
  author={Harlow, Francis H and Welch, J Eddie and others},
  journal={Physics of fluids},
  volume={8},
  number={12},
  pages={2182},
  year={1965}
}

@article{gomes2009linear,
  title={Linear solvers for stable fluids: GPU vs CPU},
  author={Gomes, Gon{\c{c}}alo Amador Abel},
  journal={17th EncontroPortugues de ComputacaoGrafica (EPCG09)},
  pages={145--153},
  year={2009}
}

@article{hadjidimos2000successive,
  title={Successive overrelaxation (SOR) and related methods},
  author={Hadjidimos, A},
  journal={Journal of Computational and Applied Mathematics},
  volume={123},
  number={1-2},
  pages={177--199},
  year={2000},
  publisher={Elsevier}
}
@article{fedkiw1999non,
  title={A non-oscillatory Eulerian approach to interfaces in multimaterial flows (the ghost fluid method)},
  author={Fedkiw, Ronald P and Aslam, Tariq and Merriman, Barry and Osher, Stanley},
  journal={Journal of computational physics},
  volume={152},
  number={2},
  pages={457--492},
  year={1999},
  publisher={Elsevier}
}

@article{janssen2015fast,
  title={A fast and rigorously parallel surface voxelization technique for GPU-accelerated CFD simulations},
  author={Jan{\ss}en, Christian Friedrich and Koliha, Nils and Rung, Thomas},
  journal={Communications in computational physics},
  volume={17},
  number={5},
  pages={1246--1270},
  year={2015},
  publisher={Cambridge University Press}
}

@article{fang2000hardware,
  title={Hardware accelerated voxelization},
  author={Fang, Shiaofen and Chen, Hongsheng},
  journal={Computers \& Graphics},
  volume={24},
  number={3},
  pages={433--442},
  year={2000},
  publisher={Elsevier}
}

@book{bridson2003computational,
  title={Computational aspects of dynamic surfaces},
  author={Bridson, Robert Edward},
  year={2003},
  publisher={stanford university}
}

@article{lentine2010novel,
  title={A novel algorithm for incompressible flow using only a coarse grid projection},
  author={Lentine, Michael and Zheng, Wen and Fedkiw, Ronald},
  journal={ACM Transactions on Graphics (TOG)},
  volume={29},
  number={4},
  pages={1--9},
  year={2010},
  publisher={ACM New York, NY, USA}
}

@incollection{rasmussen2003smoke,
  title={Smoke simulation for large scale phenomena},
  author={Rasmussen, Nick and Nguyen, Duc Quang and Geiger, Willi and Fedkiw, Ronald},
  booktitle={ACM SIGGRAPH 2003 Papers},
  pages={703--707},
  year={2003}
}

@article{kim2008wavelet,
  title={Wavelet turbulence for fluid simulation},
  author={Kim, Theodore and Th{\"u}rey, Nils and James, Doug and Gross, Markus},
  journal={ACM Transactions on Graphics (TOG)},
  volume={27},
  number={3},
  pages={1--6},
  year={2008},
  publisher={ACM New York, NY, USA}
}

@article{bridson2007curl,
  title={Curl-noise for procedural fluid flow},
  author={Bridson, Robert and Houriham, Jim and Nordenstam, Marcus},
  journal={ACM Transactions on Graphics (ToG)},
  volume={26},
  number={3},
  pages={46--es},
  year={2007},
  publisher={ACM New York, NY, USA}
}

@incollection{losasso2004simulating,
  title={Simulating water and smoke with an octree data structure},
  author={Losasso, Frank and Gibou, Fr{\'e}d{\'e}ric and Fedkiw, Ron},
  booktitle={Acm siggraph 2004 papers},
  pages={457--462},
  year={2004}
}
@article{he2011real,
  title={Real-time smoke simulation with improved turbulence by spatial adaptive vorticity confinement},
  author={He, Shengfeng and Wong, Hon-Cheng and Pang, Wai-Man and Wong, Un-Hong},
  journal={Computer Animation and Virtual Worlds},
  volume={22},
  number={2-3},
  pages={107--114},
  year={2011},
  publisher={Wiley Online Library}
}

@article{museth2013vdb,
  title={VDB: High-resolution sparse volumes with dynamic topology},
  author={Museth, Ken},
  journal={ACM transactions on graphics (TOG)},
  volume={32},
  number={3},
  pages={1--22},
  year={2013},
  publisher={ACM New York, NY, USA}
}

@article{raateland2022dcgrid,
  title={Dcgrid: An adaptive grid structure for memory-constrained fluid simulation on the gpu},
  author={Raateland, Wouter and H{\"a}drich, Torsten and Herrera, Jorge Alejandro Amador and Banuti, Daniel T and Pa{\l}ubicki, Wojciech and Pirk, S{\"o}ren and Hildebrandt, Klaus and Michels, Dominik L},
  journal={Proceedings of the ACM on Computer Graphics and Interactive Techniques},
  volume={5},
  number={1},
  pages={1--14},
  year={2022},
  publisher={ACM New York, NY, USA}
}

